@book{Alonso1963,
	author    = {D. Alonso},
	title     = {Luis de Góngora, Obras en verso del Homero español que recogió Juan López de Vicuña},
	year      = {1963},
	publisher = {Consejo Superior de Investigaciones Científicas (CSIC)}
}

@book{Alonso1967,
	author    = {D. Alonso},
	title     = {Góngora y el Polifemo},
	year      = {1967},
	publisher = {Gredos},
    volume  = {III},
    edition    = {5}
}

@article{Fouché-Delbosc1900,
	author  = {R. Fouché-Delbosc},
	title   = {Note sur trois manuscrits des œuvres poétiques de Gongora},
	journal = {Revue Hispanique},
	volume  = {VII},
	pages   = {454--504},
	year    = {1900}
}

@book{Fouché-Delbosc1921,
	author    = {R. Fouché-Delbosc},
	title     = {Obras poéticas de d. Luis de Góngora},
	year      = {1921},
	publisher = {The Hispanic Society of America},
	volume  = {II}
}

@article{Moll2013,
	author = {Moll, Jaime},
	title = {Notas sobre "Las obras en verso del Homero español"},
	publisher = {Alicante : Biblioteca Virtual Miguel de Cervantes, 2013},
	year = {2013},
	url = {https://www.cervantesvirtual.com/nd/ark:/59851/bmcm34k4}
}

@book{PellicerDeSalas1630,
	author    = {José {Pellicer de Salas}},
	title     = {Lecciones solemnes a las obras de don Luis de Gongora y Argote},
	year      = {1630},
	publisher = {Imprenta del Reino},
}

@book{PérezLópez1988,
	author    = {M. M.a {Pérez López}},
	title     = {Pedro de Valencia, primer crítico gongorino, estudio y edición anotada de la Carta a Góngora en censura de sus poesías.},
	year      = {1988},
	publisher = {Acta Salamanticensia, Estudios Filológicos},
}

@book{Villanova1957,
	author    = {A. Villanova},
	title     = {Las fuentes y los temas del Polifemo de Gongora},
	year      = {1957},
	publisher = {Consejo Superior de Investigaciones Científicas (CSIC)},
	volume    = {I--II}
}

